@ARTICLE{gagnon2009,
  author = {Gagnon, Etienne},
  title = {Price Setting during Low and High Inflation: Evidence from Mexico},
  journal = {The Quarterly Journal of Economics},
  year = {2009},
  volume = {124},
  number = {3},
  pages = {1221--1263},
  language = {english},
  authorwos = {true},
}


